%% Trzeba dostosować bibliografię o ile w ogóle ją dodajemy

@article{lamport1994latex,
  author = {Lamport, Leslie},
  title = {LaTeX: A document preparation system},
  journal = {Addison-Wesley},
  year = {1994},
  publisher = {Addison-Wesley}
}

@book{knuth1984texbook,
  author = {Knuth, Donald E},
  title = {The TeXbook},
  year = {1984},
  publisher = {Addison-Wesley}
}
